<record xmlns:xsi="http://www.w3.org/2001/XMLSchema-instance" xmlns="http://www.loc.gov/MARC21/slim" xsi:schemaLocation="http://www.loc.gov/MARC21/slim http://www.loc.gov/standards/marcxml/schema/MARC21slim.xsd">

  <leader>00761nam a2200205   4500</leader>
  <controlfield tag="008">160518b2002    s  a|||| |||| 00| | spa d</controlfield>
  <datafield tag="020" ind2=" " ind1=" ">
    <subfield code="a">8436816161</subfield>
  </datafield>
  <datafield ind2=" " ind1=" " tag="090">
    <subfield code="a">14.02.02</subfield>
    <subfield code="b"> 2209</subfield>
  </datafield>
  <datafield tag="100" ind1="1" ind2=" ">
    <subfield code="9">1782</subfield>
    <subfield code="a">Buela Casal, Gualberto</subfield>
  </datafield>
  <datafield ind2="3" ind1="1" tag="245">
    <subfield code="a">El niño impulsivo: estrategias de evaluación,tratamiento y prevención /</subfield>
    <subfield code="c">Gualberto Buela Casal, Hugo Carretero Dios y Macarena de los Santos Roig</subfield>
  </datafield>
  <datafield ind1=" " ind2=" " tag="260">
    <subfield code="a">Madrid : </subfield>
    <subfield code="b">Ediciones pirámide, </subfield>
    <subfield code="c">c2002</subfield>
  </datafield>
  <datafield tag="300" ind1=" " ind2=" ">
    <subfield code="a">235 páginas;  </subfield>
    <subfield code="b">ilustraciones</subfield>
  </datafield>
  <datafield tag="490" ind1=" " ind2=" ">
    <subfield code="a">Ojos solares. Sección tratamiento</subfield>
  </datafield>
  <datafield ind1="1" ind2="4" tag="650">
    <subfield code="9">59</subfield>
    <subfield code="a">NIÑOS</subfield>
  </datafield>
  <datafield tag="650" ind1="1" ind2="4">
    <subfield code="9">1783</subfield>
    <subfield code="a">TRASTORNOS DE LA PERSONALIDAD</subfield>
  </datafield>
  <datafield tag="650" ind2="4" ind1="1">
    <subfield code="9">298</subfield>
    <subfield code="a">COMPORTAMIENTO</subfield>
  </datafield>
  <datafield tag="700" ind1="1" ind2=" ">
    <subfield code="9">1784</subfield>
    <subfield code="a">Carretero Dios, Hugo</subfield>
  </datafield>
  <datafield ind1="1" ind2=" " tag="700">
    <subfield code="9">1785</subfield>
    <subfield code="a">Santos Roig, Macarena de los </subfield>
  </datafield>
  <datafield ind2=" " ind1=" " tag="942">
    <subfield code="2">z</subfield>
    <subfield code="c">01</subfield>
  </datafield>
  <datafield tag="999" ind2=" " ind1=" ">
    <subfield code="c">3232</subfield>
    <subfield code="d">3232</subfield>
  </datafield>
</record>